<record><leader>00000cas a2200000 a 4500</leader><controlfield tag="001">26474066</controlfield><controlfield tag="008">920824d18671872iluwr ne      0   a0eng c</controlfield><datafield ind1=" " ind2=" " tag="010"><subfield code="a">sn 92053342 </subfield></datafield><datafield ind1=" " ind2=" " tag="040"><subfield code="a">NVF</subfield><subfield code="b">eng</subfield><subfield code="c">NVF</subfield><subfield code="d">OCL</subfield><subfield code="d">NVF</subfield><subfield code="d">OCLCQ</subfield><subfield code="d">OCLCF</subfield><subfield code="d">NVF</subfield><subfield code="d">OCLCO</subfield></datafield><datafield ind1="1" ind2=" " tag="029"><subfield code="a">AU@</subfield><subfield code="b">000020228719</subfield></datafield><datafield ind1=" " ind2=" " tag="042"><subfield code="a">pcc</subfield></datafield><datafield ind1=" " ind2=" " tag="043"><subfield code="a">n-us-il</subfield></datafield><datafield ind1="0" ind2="0" tag="245"><subfield code="a">Galesburg register.</subfield></datafield><datafield ind1=" " ind2=" " tag="260"><subfield code="a">Galesburg, Ill. :</subfield><subfield code="b">W.S. Bush</subfield></datafield><datafield ind1=" " ind2=" " tag="300"><subfield code="a">v.</subfield></datafield><datafield ind1=" " ind2=" " tag="310"><subfield code="a">Weekly</subfield></datafield><datafield ind1="1" ind2=" " tag="362"><subfield code="a">Began in 1867? Ceased in 1872.</subfield></datafield><datafield ind1=" " ind2=" " tag="580"><subfield code="a">Merged with: Galesburg Republican, to form: Galesburg Republican and register.</subfield></datafield><datafield ind1=" " ind2=" " tag="588"><subfield code="a">Description based on: Volume 3, number 45 (Apr. 15, 1869).</subfield></datafield><datafield ind1=" " ind2=" " tag="588"><subfield code="a">Latest issue consulted: Volume 3, number 45 (Apr. 15, 1869).</subfield></datafield><datafield ind1=" " ind2="0" tag="651"><subfield code="a">Galesburg (Ill.)</subfield><subfield code="v">Newspapers.</subfield></datafield><datafield ind1=" " ind2="7" tag="651"><subfield code="a">Illinois</subfield><subfield code="z">Galesburg.</subfield><subfield code="2">fast</subfield><subfield code="0">(OCoLC)fst01202787</subfield></datafield><datafield ind1=" " ind2="7" tag="655"><subfield code="a">Newspapers.</subfield><subfield code="2">fast</subfield><subfield code="0">(OCoLC)fst01423814</subfield></datafield><datafield ind1=" " ind2=" " tag="752"><subfield code="a">United States</subfield><subfield code="b">Illinois</subfield><subfield code="c">Knox</subfield><subfield code="d">Galesburg.</subfield></datafield><datafield ind1="0" ind2="0" tag="780"><subfield code="t">Galesburg weekly register</subfield><subfield code="w">(DLC)sn 92053341</subfield><subfield code="w">(OCoLC)26473986</subfield></datafield><datafield ind1="1" ind2="7" tag="785"><subfield code="t">Galesburg Republican</subfield><subfield code="w">(DLC)sn 92053343</subfield><subfield code="w">(OCoLC)26474124</subfield></datafield><datafield ind1="1" ind2="7" tag="785"><subfield code="t">Galesburg Republican and register</subfield><subfield code="w">(DLC)sn 92053344</subfield><subfield code="w">(OCoLC)26474281</subfield></datafield></record>